<record><leader>00000cas a2200000 a 4500</leader><controlfield tag="001">42344253</controlfield><controlfield tag="007">hd afb018bucu</controlfield><controlfield tag="007">hd bfb018bubu</controlfield><controlfield tag="008">820708d18991908wauwr nea     0   a0eng c</controlfield><datafield ind1=" " ind2=" " tag="010"><subfield code="a">  2006252603</subfield></datafield><datafield ind1=" " ind2=" " tag="040"><subfield code="a">Wa</subfield><subfield code="b">eng</subfield><subfield code="c">WRJ</subfield><subfield code="d">OCL</subfield><subfield code="d">OCLCQ</subfield><subfield code="d">WAU</subfield><subfield code="d">OCLCQ</subfield><subfield code="d">OCLCF</subfield><subfield code="d">OCLCQ</subfield></datafield><datafield ind1=" " ind2=" " tag="042"><subfield code="a">pcc</subfield></datafield><datafield ind1=" " ind2=" " tag="043"><subfield code="a">n-us-wa</subfield></datafield><datafield ind1="0" ind2=" " tag="082"><subfield code="a">071.9771</subfield><subfield code="2">19</subfield></datafield><datafield ind1="0" ind2=" " tag="130"><subfield code="a">Monroe monitor</subfield><subfield code="d">(Monroe, Wash. : 1899)</subfield></datafield><datafield ind1="1" ind2="0" tag="245"><subfield code="a">Monroe monitor.</subfield></datafield><datafield ind1=" " ind2=" " tag="260"><subfield code="a">Monroe, Snohomish County, Wash. :</subfield><subfield code="b">B.F. Smythe,</subfield><subfield code="c">[1899-1908]</subfield></datafield><datafield ind1=" " ind2=" " tag="300"><subfield code="a">10 volumes :</subfield><subfield code="b">illustrations</subfield></datafield><datafield ind1=" " ind2=" " tag="310"><subfield code="a">Weekly</subfield></datafield><datafield ind1=" " ind2=" " tag="336"><subfield code="a">text</subfield><subfield code="b">txt</subfield><subfield code="2">rdacontent</subfield></datafield><datafield ind1=" " ind2=" " tag="337"><subfield code="a">microform</subfield><subfield code="b">h</subfield><subfield code="2">rdamedia</subfield></datafield><datafield ind1=" " ind2=" " tag="338"><subfield code="a">microfilm reel</subfield><subfield code="b">hd</subfield><subfield code="2">rdacarrier</subfield></datafield><datafield ind1="0" ind2=" " tag="362"><subfield code="a">Vol. 1, no. 1 (Jan. 14, 1899)-10th year, no. 40 (Oct. 2, 1908).</subfield></datafield><datafield ind1=" " ind2=" " tag="580"><subfield code="a">Merged with: Monroe transcript, to become: Monroe monitor-transcript.</subfield></datafield><datafield ind1=" " ind2=" " tag="533"><subfield code="a">Microfilm.</subfield><subfield code="b">[Seattle, Wash.] :</subfield><subfield code="c">Filmed by University of Washington Library.</subfield><subfield code="e">3 microfilm reels ; 35 mm.</subfield><subfield code="n">Filmed with other titles.</subfield></datafield><datafield ind1=" " ind2="0" tag="651"><subfield code="a">Monroe (Wash.)</subfield><subfield code="v">Newspapers.</subfield></datafield><datafield ind1=" " ind2="7" tag="651"><subfield code="a">Washington (State)</subfield><subfield code="z">Monroe.</subfield><subfield code="2">fast</subfield><subfield code="0">(OCoLC)fst01225806</subfield></datafield><datafield ind1=" " ind2="7" tag="655"><subfield code="a">Newspapers.</subfield><subfield code="2">fast</subfield><subfield code="0">(OCoLC)fst01423814</subfield></datafield><datafield ind1=" " ind2=" " tag="752"><subfield code="a">United States</subfield><subfield code="b">Washington</subfield><subfield code="c">Snohomish</subfield><subfield code="d">Monroe.</subfield></datafield><datafield ind1="1" ind2=" " tag="776"><subfield code="c">Original</subfield><subfield code="w">(DLC)sn 88085288</subfield><subfield code="w">(OCoLC)17362688</subfield></datafield><datafield ind1="1" ind2="7" tag="785"><subfield code="t">Monroe transcript</subfield><subfield code="w">(DLC)  2006252605</subfield><subfield code="w">(OCoLC)42340400</subfield></datafield><datafield ind1="1" ind2="7" tag="785"><subfield code="t">Monroe monitor-transcript</subfield><subfield code="w">(DLC)  2006252606</subfield><subfield code="w">(OCoLC)42344267</subfield></datafield><datafield ind1="1" ind2=" " tag="029"><subfield code="a">AU@</subfield><subfield code="b">000040518029</subfield></datafield></record>